<record><leader>00000cas a22000007a 4500</leader><controlfield tag="001">12764598</controlfield><controlfield tag="008">851106d18761879ksuwr ne      0    0eng d</controlfield><datafield ind1=" " ind2=" " tag="010"><subfield code="a">sn 85032883 </subfield></datafield><datafield ind1=" " ind2=" " tag="040"><subfield code="a">KSH</subfield><subfield code="b">eng</subfield><subfield code="c">KSH</subfield><subfield code="d">NPT</subfield><subfield code="d">OCLCQ</subfield></datafield><datafield ind1=" " ind2=" " tag="042"><subfield code="a">msc</subfield></datafield><datafield ind1="0" ind2="4" tag="245"><subfield code="a">The Fredonia tribune.</subfield></datafield><datafield ind1=" " ind2=" " tag="260"><subfield code="a">Fredonia, Kan. :</subfield><subfield code="b">B.F. Bower,</subfield><subfield code="c">-1879.</subfield></datafield><datafield ind1=" " ind2=" " tag="300"><subfield code="a">v. ;</subfield><subfield code="c">56 cm.</subfield></datafield><datafield ind1=" " ind2=" " tag="310"><subfield code="a">Weekly</subfield></datafield><datafield ind1="0" ind2=" " tag="362"><subfield code="a">-v. 3, no. 20 (Jan. 30, 1879).</subfield></datafield><datafield ind1="1" ind2=" " tag="362"><subfield code="a">Began in 1876.</subfield><subfield code="z">Cf. Rowell, 1877.</subfield></datafield><datafield ind1=" " ind2=" " tag="500"><subfield code="a">Published by: Bowen &amp; Hite, Mar. 14-Sept. 12, 1878; Douglas Hite, Sept. 19, 1878-Jan. 30, 1879.</subfield></datafield><datafield ind1=" " ind2=" " tag="588"><subfield code="a">Description based on: Vol. 2, no. 20 (Jan. 31, 1878).</subfield></datafield><datafield ind1=" " ind2=" " tag="752"><subfield code="a">United States</subfield><subfield code="b">Kansas</subfield><subfield code="c">Wilson</subfield><subfield code="d">Fredonia.</subfield></datafield><datafield ind1="0" ind2="0" tag="785"><subfield code="t">Chanute democrat</subfield><subfield code="w">(DLC)sn 85030516</subfield></datafield><datafield ind1="1" ind2=" " tag="029"><subfield code="a">AU@</subfield><subfield code="b">000025292542</subfield></datafield></record>